<record><leader>00000cas a2200000 a 4500</leader><controlfield tag="001">12190736</controlfield><controlfield tag="008">850624d19671971ksuwr ne      0    0eng d</controlfield><datafield ind1=" " ind2=" " tag="010"><subfield code="a">sn 85030558 </subfield></datafield><datafield ind1=" " ind2=" " tag="040"><subfield code="a">KSH</subfield><subfield code="b">eng</subfield><subfield code="c">KSH</subfield><subfield code="d">NPT</subfield><subfield code="d">OCL</subfield><subfield code="d">OCLCQ</subfield></datafield><datafield ind1=" " ind2=" " tag="042"><subfield code="a">msc</subfield></datafield><datafield ind1="0" ind2="0" tag="245"><subfield code="a">Thayer-Altoona gazette-times.</subfield></datafield><datafield ind1="1" ind2="3" tag="246"><subfield code="a">Gazette-times</subfield></datafield><datafield ind1=" " ind2=" " tag="260"><subfield code="a">Thayer, Kan. :</subfield><subfield code="b">Scanlan Pub. Co.,</subfield><subfield code="c">1967-1971.</subfield></datafield><datafield ind1=" " ind2=" " tag="300"><subfield code="a">5 v. :</subfield><subfield code="b">ill. ;</subfield><subfield code="c">43 cm.</subfield></datafield><datafield ind1=" " ind2=" " tag="310"><subfield code="a">Weekly</subfield></datafield><datafield ind1="0" ind2=" " tag="362"><subfield code="a">Vol. 5, no. 33 (Sept. 28, 1967)-v. 9, no. 50 (Dec. 30, 1971).</subfield></datafield><datafield ind1=" " ind2=" " tag="500"><subfield code="a">Publisher varies.</subfield></datafield><datafield ind1=" " ind2=" " tag="500"><subfield code="a">Published as: Gazette-times, Apr. 4, 1968, July 15-Dec. 30, 1971.</subfield></datafield><datafield ind1=" " ind2=" " tag="752"><subfield code="a">United States</subfield><subfield code="b">Kansas</subfield><subfield code="c">Neosho</subfield><subfield code="d">Thayer.</subfield></datafield><datafield ind1="0" ind2="0" tag="780"><subfield code="t">Gazette-times (Thayer, Kan. : 1966)</subfield><subfield code="w">(DLC)sn 85030557</subfield></datafield><datafield ind1="0" ind2="4" tag="785"><subfield code="t">Neodesha daily sun (Neodesha, Kan. : 1898)</subfield><subfield code="w">(DLC)sn 85032896</subfield></datafield></record>